@misc{acs2018, 
  title = {{2018 American Community Survey (ACS)}},
  howpublished = {\url{https://data.census.gov/}},
  note = {Accessed: 2020-04-21},
  author = {{U.S. Census Bureau}}, 
  year = {2018}
}

@article{holmdahl2020wrong,
  author = {Holmdahl, Inga and Buckee, Caroline},
  title = {Wrong but Useful — What Covid-19 Epidemiologic Models Can and Cannot Tell Us},
  journal = {New England Journal of Medicine},
  volume = {In press},
  year = {2020},
}



@misc{DPHwebsite, 
author = {{Connecticut State Department of Public Health}}, 
title={{COVID-19 Daily DPH Reports Library}},
year = {2020},
url = {https://data.ct.gov/Health-and-Human-Services/COVID-19-Daily-DPH-Reports-Library/bqve-e8um}
}


@article{ct2020coronavirus,
 title = {Coronavirus Disease 2019 (COVID-19)},
 author = {{State of Connecticut}},
 url = {https://portal.ct.gov/Coronavirus},
 date = {May 20, 2020},
}


@article{lamont2020firstcase,
 author = {Ned Lamont},
 title = {Governor Lamont Announces First Positive Case of Novel Coronavirus Involving a {Connecticut} Resident},
 date = {March 8, 2020},
 url = {https://portal.ct.gov/Office-of-the-Governor/News/Press-Releases/2020/03-2020/Governor-Lamont-Announces-First-Positive-Case-of-Novel-Coronavirus-Involving-a-Connecticut-Resident},
}

@misc{CHAwebsite, 
  author = {{Connecticut Hospital Association}}, 
  year = {2020},
  url = {https://cthosp.org/}
}

@misc{shapefile,
author = {{United States Census Bureau}},
title = {2010 Cartographic Boundary File, Current Block Group for {Connecticut}},
year = {2010},
howpublished = {Data retrieved from \url{http://magic.lib.uconn.edu/connecticut_data.html}; Accessed April 14, 2020.}
}

@article{nyt2020Connecticut,
 title = {Connecticut Coronavirus Map and Case Count},
 url = {https://www.nytimes.com/interactive/2020/us/connecticut-coronavirus-cases.html},
 journal = {The New York Times},
 date = {18-05-2020},
}


@article{atlantic2020data,
	title = {Totals by State},
	url = \url{https://covidtracking.com/data#state-ct},
}


@article{decd2020coronavirus,
  title = {Sector Rules and Certification for {May} 20th Reopen},
  author = {{Connecticut Department of Economic and Community Development}},
  note = {Accessed May 20, 2020},
	url = {https://portal.ct.gov/DECD/Content/Coronavirus-Business-Recovery/Sector-Rules-for-May-20-Reopen},
}

@article{ct2020parks,
	url = {https://portal.ct.gov/Office-of-the-Governor/News/Press-Releases/2020/05-2020/Governor-Lamont-Announces-Connecticut-Shoreline-State-Park-Beaches-Will-Be-Open-Memorial-Day-Weekend},
  title = {Governor Lamont Announces {Connecticut}'s {Shoreline State Park} Beaches Will Be Open Memorial Day Weekend},
  author = {Ned Lamont},
  date = {May 5, 2020},
}


@article{ct2020contact, 
  title = {{ContaCT: Connecticut} contact tracing platform},
  author = {{State of Connecticut}},
  year = {Accessed May 5, 2020},
	url = {https://portal.ct.gov/Coronavirus/ContaCT},

}


@article{thomas2020surge,
	url = {https://ctmirror.org/2020/05/05/no-surge-yet-for-covid-19-testing-governor-says-its-coming/},
  author = {Jacqueline Rabe Thomas},
	title = {{No surge yet for COVID-19 testing. Governor says it’s coming}},
	date = {May 5, 2020},
	year = {2020},
	journal = {The CT Mirror},
}


@article{ct2020testing,
  title = {COVID-19 Update {May} 19, 2020},
  author = {Connecticut Department of Public Health},
  date = {May 18, 2020},
	url = {https://portal.ct.gov/-/media/Coronavirus/CTDPHCOVID19summary5192020.pdf},
}


@article{morozova2020tech,
	author = {Olga Morozova and Zehang Richard Li and Forrest W. Crawford},
	title = {A model for COVID-19 transmission in Connecticut},
	url = {https://github.com/fcrawford/covid19_model_report/releases},
	journal = {Working Paper},
	year = {2020}
}

@article{crawford2020covid,
	author = {Forrest W. Crawford and Olga Morozova and Zehang Richard Li},
	title = {COVID-19 projections for reopening Connecticut},
	url = {https://github.com/fcrawford/covid19_ct_report1/releases},
	journal = {Working Paper},
	year = {2020}
}




@article{lamont2020exec7c,
  title = {{Executive Order No. 7C}: Protection of public health and safety during {COVID}-19 pandemic and response -- further suspension or modification of statutes},
	author = {Ned Lamont},
  journal = {State of Connecticut},
  year = {March 15, 2020},
	url = {https://portal.ct.gov/-/media/Office-of-the-Governor/Executive-Orders/Lamont-Executive-Orders/Executive-Order-No-7C.pdf}
}

@article{lamont2020exec7l,
	author = {Ned Lamont},
  title = {{Executive Order No. 7L:} Protection of public health and safety during {COVID}-19 pandemic and response - extension of school cancellation, municipal retiree reemployment, open fishing season and additional public health measures},
  year = {March 24, 2020},
	url = {https://portal.ct.gov/-/media/Office-of-the-Governor/Executive-Orders/Lamont-Executive-Orders/Executive-Order-No-7L.pdf}
}


@article{lamont2020exec7x,
	author = {Ned Lamont},
  year = {April 10, 2020},
  title = {{Executive Order No. 7X}: Protection of public health and safety during {COVID}-19 pandemic and response – renter protections, extended class cancellation and other safety measures, educator certification, food trucks for truckers}, 
	url = {https://portal.ct.gov/-/media/Office-of-the-Governor/Executive-Orders/Lamont-Executive-Orders/Executive-Order-No-7X.pdf}
}

@article{lamont2020exec7ii,
	author = {Ned Lamont},
  year = {May 5, 2020},
  title = {{Executive Order No 7II}: protection of public health and safety during {COVID}-19 pandemic and response – extension of school cancellation, home health care coverage, and food assistance measures},
	url = {https://portal.ct.gov/-/media/Office-of-the-Governor/Executive-Orders/Lamont-Executive-Orders/Executive-Order-No-7II.pdf}
}



@article{lamont2020exec7h,
	author = {Ned Lamont},
  year = {March 20, 2020},
  title = {{Executive Order No. 7H}: Protection of public health and safety during {COVID-19} pandemic and response - restrictions on workplaces for non-essential businesses, coordinated response effort},
	url = {https://portal.ct.gov/-/media/Office-of-the-Governor/Executive-Orders/Lamont-Executive-Orders/Executive-Order-No-7H.pdf}
}


@article{google2020covid,
	title = {COVID-19 Community Mobility Report: Connecticut},
	date = {May 9, 2020},
  author = {Google},
	url = {https://www.gstatic.com/covid19/mobility/2020-05-09_US_Connecticut_Mobility_Report_en.pdf}
}


@article{facebook2020covid,
	title = {COVID-19 Mobility Data Network: Connecticut},
  author = {Facebook},
	url = {https://visualization.covid19mobility.org/?date=2020-05-15&dates=2020-03-01_2020-05-15&region=09},
}


@article{lamont2020suspension,
	author = {Ned Lamont},
  journal = {State of Connecticut},
  year = {May 7, 2020},
  title = {Governor Lamont Announces Suspension of Regulations to Support a Major Expansion of COVID-19 Testing},
	url = {https://portal.ct.gov/Office-of-the-Governor/News/Press-Releases/2020/05-2020/Governor-Lamont-Announces-Suspension-of-Regulations-to-Support-a-Major-Expansion-of-COVID19-Testing}, 
}


@article{lamont2020exec7kk,
	author = {Ned Lamont},
  year = {May 7, 2020},
  title = {{Executive Order No. 7KK}: protection of public health and safety during {COVID}-19 pandemic and response – pharmacists authorized to order {COVID}-19 tests},
	url = {https://portal.ct.gov/-/media/Office-of-the-Governor/Executive-Orders/Lamont-Executive-Orders/Executive-Order-No-7KK.pdf?la=en},
}


@article{phaneuf2020lamont,
	title = {Lamont calls for more testing as state gets closer to reopening some businesses},
	author = {Keith M. Phaneuf and Gregory B. Hladky and Jenna Carlesso},
  journal = {CT Mirror},
	url = {https://ctmirror.org/2020/05/07/self-employed-residents-affected-by-pandemic-could-receive-jobless-benefits-in-about-a-week/},
	date = {May 7, 2020}
}

@book{keeling2011modeling,
  title={Modeling infectious diseases in humans and animals},
  author={Keeling, Matt J and Rohani, Pejman},
  year={2011},
  publisher={Princeton University Press}
}

@article{tian2020investigation,
	title = {An investigation of transmission control measures during the first 50 days of the {COVID}-19 epidemic in {China}},
	journal = {Science},
	author = {Tian, Huaiyu and Liu, Yonghong and Li, Yidan and Wu, Chieh-Hsi and Chen, Bin and Kraemer, Moritz U. G. and Li, Bingying and Cai, Jun and Xu, Bo and Yang, Qiqi and Wang, Ben and Yang, Peng and Cui, Yujun and Song, Yimeng and Zheng, Pai and Wang, Quanyi and Bjornstad, Ottar N. and Yang, Ruifu and Grenfell, Bryan T. and Pybus, Oliver G. and Dye, Christopher},
	month = mar,
	year = {2020}
}

@article{chinazzi2020effect,
	title = {The effect of travel restrictions on the spread of the 2019 novel coronavirus ({COVID}-19) outbreak},
	journal = {Science},
	author = {Chinazzi, Matteo and Davis, Jessica T. and Ajelli, Marco and Gioannini, Corrado and Litvinova, Maria and Merler, Stefano and Piontti, Ana Pastore y and Mu, Kunpeng and Rossi, Luca and Sun, Kaiyuan and Viboud, Cécile and Xiong, Xinyue and Yu, Hongjie and Halloran, M. Elizabeth and Longini, Ira M. and Vespignani, Alessandro},
	month = mar,
	year = {2020},
	pmid = {32144116}
}

@article{kraemer2020effect,
	title = {The effect of human mobility and control measures on the {COVID}-19 epidemic in {China}},
	urldate = {2020-04-02},
	journal = {Science},
	author = {Kraemer, Moritz U. G. and Yang, Chia-Hung and Gutierrez, Bernardo and Wu, Chieh-Hsi and Klein, Brennan and Pigott, David M. and {Open COVID-19 Data Working Group} and Plessis, Louis du and Faria, Nuno R. and Li, Ruoran and Hanage, William P. and Brownstein, John S. and Layan, Maylis and Vespignani, Alessandro and Tian, Huaiyu and Dye, Christopher and Pybus, Oliver G. and Scarpino, Samuel V.},
	year = {2020}
}


@article{ferretti2020quantifying,
	title = {Quantifying {SARS}-{CoV}-2 transmission suggests epidemic control with digital contact tracing},
	journal = {Science},
	author = {Ferretti, Luca and Wymant, Chris and Kendall, Michelle and Zhao, Lele and Nurtay, Anel and Abeler-Dörner, Lucie and Parker, Michael and Bonsall, David and Fraser, Christophe},
	month = mar,
	year = {2020}
}

@article{niu2020deciphering,
	title = {Deciphering the power of isolation in controlling {COVID}-19 outbreaks},
	journal = {The Lancet Global Health},
	author = {Niu, Yan and Xu, Fujie},
	month = apr,
	year = {2020},
	pmid = {32199105},
	pages = {e452--e453}
}

@article{niehus2020using,
	title = {Using observational data to quantify bias of traveller-derived {COVID}-19 prevalence estimates in {Wuhan}, {China}},
	journal = {The Lancet Infectious Diseases},
	author = {Niehus, Rene and Salazar, Pablo M. De and Taylor, Aimee R. and Lipsitch, Marc},
	month = apr,
	year = {2020}
}
@article{wang2020effectiveness,
	title = {Effectiveness and cost-effectiveness of public health measures to control {COVID}-19: a modelling study},
	journal = {medRxiv},
	author = {Wang, Qiang and Shi, Naiyang and Huang, Jinxin and Cui, Tingting and Yang, Liuqing and Ai, Jing and Ji, Hong and Xu, Ke and Ahmad, Tauseef and Bao, Changjun and Jin, Hui},
	month = mar,
	year = {2020},

}

@article{koo2020interventions,
	title = {Interventions to mitigate early spread of {SARS}-{CoV}-2 in {Singapore}: a modelling study},
	language = {English},
	number = {0},
	urldate = {2020-04-01},
	journal = {The Lancet Infectious Diseases},
	author = {Koo, Joel R. and Cook, Alex R. and Park, Minah and Sun, Yinxiaohe and Sun, Haoyang and Lim, Jue Tao and Tam, Clarence and Dickens, Borame L.},
	month = mar,
	year = {2020},

}

@article{zhang2020impact,
	title = {The impact of social distancing and epicenter lockdown on the {COVID}-19 epidemic in mainland {China}: {A} data-driven {SEIQR} model study},
	shorttitle = {The impact of social distancing and epicenter lockdown on the {COVID}-19 epidemic in mainland {China}},
	language = {en},
	urldate = {2020-04-01},
	journal = {medRxiv},
	author = {Zhang, Yuzhen and Jiang, Bin and Yuan, Jiamin and Tao, Yanyun},
	month = mar,
	year = {2020},

}

@article{kupferschmidt2020can,
	title = {Can {China}'s {COVID}-19 strategy work elsewhere?},
	volume = {367},
	journal = {Science},
	author = {Kupferschmidt, Kai and Cohen, Jon},
	month = mar,
	year = {2020}
}

@article{prem2020effect,
	title = {The effect of control strategies to reduce social mixing on outcomes of the {COVID}-19 epidemic in {Wuhan}, {China}: a modelling study},
	issn = {2468-2667},
	shorttitle = {The effect of control strategies to reduce social mixing on outcomes of the {COVID}-19 epidemic in {Wuhan}, {China}},
	journal = {The Lancet Public Health},
	author = {Prem, Kiesha and Liu, Yang and Russell, Timothy W and Kucharski, Adam J and Eggo, Rosalind M and Davies, Nicholas and Flasche, Stefan and Clifford, Samuel and Pearson, Carl A B and Munday, James D and Abbott, Sam and Gibbs, Hamish and Rosello, Alicia and Quilty, Billy J and Jombart, Thibaut and Sun, Fiona and Diamond, Charlie and Gimma, Amy and van Zandvoort, Kevin and Funk, Sebastian and Jarvis, Christopher I and Edmunds, W John and Bosse, Nikos I and Hellewell, Joel and Jit, Mark and Klepac, Petra},
	month = mar,
	year = {2020}
}

@article{lin2020which,
	title = {Which {Measures} are {Effective} in {Containing} {COVID}-19? {Empirical} {Research} {Based} on {Prevention} and {Control} {Cases} in {China}},
	shorttitle = {Which {Measures} are {Effective} in {Containing} {COVID}-19?},
	journal = {medRxiv},
	author = {Lin, Shanlang and Huang, Junpei and He, Ziwen and Zhan, Dandan},
	month = mar,
	year = {2020},
}

@article{lewnard2020scientific,
	title = {Scientific and ethical basis for social-distancing interventions against {COVID}-19},
	number = {0},
	journal = {The Lancet Infectious Diseases},
	author = {Lewnard, Joseph A. and Lo, Nathan C.},
	month = mar,
	year = {2020}
}

@misc{prem2020age-structured,
	type = {Data {Collection}},
	title = {Age-structured {SEIR} model for {COVID}-19 outbreak in {Wuhan}, {China}},
	url = {https://datacompass.lshtm.ac.uk/1660/},
	author = {Prem, Kiesha and Liu, Yang and Russell, Timothy W. and Kucharski, Adam J. and Eggo, Rosalind M. and Davies, Nicholas and Jit, Mark and Klepac, Petra and Flasche, Stefan and Clifford, Samuel and Pearson, Carl A. B. and Munday, James D. and Abbott, Sam and Gibbs, Hamish and Rosello, Alicia and Quilty, Billy J. and Jombart, Thibaut and Sun, Fiona and Diamond, Charlie and Gimma, Amy and Van zandvoort, Kevin and Funk, Sebastian and Jarvis, Christopher I. and Edmunds, W. John and Bosse, Nikos I. and Hellewell, Joel},
	month = mar,
	year = {2020}
}


@misc{noauthor2020covid19,
	title = {{COVID}-19 {Data} {Reports}},
	howpublished = "\url{https://www.floridadisaster.org/covid19/covid-19-data-reports/}",
	note = {Accessed: 2020-04-01},
	author = {{Florida Division of Emergency Management}},
	year = {2020}
}

@misc{bureau2020american,
	title = {American {Community} {Survey} 2013-2017 5-year {Data} {Release}},
	url = {https://www.census.gov/newsroom/press-kits/2018/acs-5year.html},
	language = {EN-US},
	urldate = {2020-04-01},
	journal = {The United States Census Bureau},
	author = {Bureau, US Census},
	note = {Library Catalog: www.census.gov Section: Government}
}

@article{merica2020get,
  url = {https://www.cnn.com/2020/03/19/politics/florida-coronavirus-beaches/index.html},
  author = {Dan Merica},
	title = {'Get off the beach': Florida's governor under pressure as images of crowded beaches go viral},
	year = {2020}
}


@article{wells2020impact,
  title={Impact of international travel and border control measures on the global spread of the novel 2019 coronavirus outbreak},
  author={Wells, Chad R and Sah, Pratha and Moghadas, Seyed M and Pandey, Abhishek and Shoukat, Affan and Wang, Yaning and Wang, Zheng and Meyers, Lauren A and Singer, Burton H and Galvani, Alison P},
  journal={Proceedings of the National Academy of Sciences},
  year={2020},
  publisher={National Acad Sciences}
}


@misc{barbash2020florida,
  title = {Florida covid-19 cases surge to nearly 7,000 as Ron DeSantis resists statewide restrictions},
  url = {https://www.washingtonpost.com/nation/2020/04/01/coronavirus-florida-desantis/},
	urldate = {2020-04-01},
	author = {Fred Barbash},
	journal = {The Washington Post}
}



@misc{chen2020florida,
	title = {Florida hospitals could quickly be overwhelmed by coronavirus cases, data shows},
	howpublished = "\url{https://www.sun-sentinel.com/coronavirus/fl-ne-florida-coronavirus-hospital-bed-capacities-maps-20200329-6thwslpdlvd37ieizzwed5vcfy-htmlstory.html}",
	note = {Accessed: 2020-04-01},
	author = {Chen, Adelaide and Chokey, Aric},
	year = {2020}
}

@misc{noauthor2020floridas,
	title = {Florida's {COVID}-19 {Data} and {Map} {Dashboard}},
	howpublished = "\url{https://experience.arcgis.com/experience/96dd742462124fa0b38ddedb9b25e429}",
	note = {Accessed: 2020-04-01},
	author = {{Florida Department of Health, Division of Disease Control and Health Protection}},
	year = {2020}
}

@misc{wesh2020map,
	title = {Map of {Florida} shows the number of coronavirus cases county-by-county},
	howpublished = "\url{https://www.wesh.com/article/florida-coronavirus-map/31941448}",
	note = {Accessed: 2020-04-01},
	year = {2020},
	author = {{WESH}}

}

@misc{covidactnow2020you,
	title = {{Covid Act Now}},
	howpublished = "\url{https://covidactnow.org}",
	note = {Accessed: 2020-05-17},
	author = {Henderson, Max and Kreiss-Tomkins, Rep Jonathan and Kofman, Igor and Rosen, Zack},
	year = {2020}
}

@misc{covidmeasures2020potential,
 title = {Potential {Long}-{Term} {Intervention} {Strategies} for {COVID}-19},
 howpublished = "\url{https://covid-measures.github.io/}",
 year = {2020},
 author = {Childs, Marissa and Kain, Morgan and Kirk, Devin and Harris, Mallory and Ritchie, Jacob and Couper, Lisa and Delwel, Isabel and Nova, Nicole and Mordecai, Erin},
 note = {Accessed:2020-04-01}
}

@misc{noauthor2020epidemic,
	title = {Epidemic {Calculator}},
	howpublished = "\url{http://gabgoh.github.io/COVID/index.html}",
	urldate = {2020-04-01},
	year = {2020},
	author = {Goh, Gabriel}
}

@article {murray2020ihme,
	author = {{IHME COVID-19 health service utilization forecasting team} and Christopher JL Murray},
	title = {Forecasting COVID-19 impact on hospital bed-days, ICU-days, ventilator-days and deaths by US state in the next 4 months},
	year = {2020},
	doi = {10.1101/2020.03.27.20043752},
	publisher = {Cold Spring Harbor Laboratory Press},
	URL = {https://www.medrxiv.org/content/early/2020/03/30/2020.03.27.20043752},
	eprint = {https://www.medrxiv.org/content/early/2020/03/30/2020.03.27.20043752.full.pdf},
	journal = {medRxiv}
}

@misc{ihme2020projections,
	title = {{IHME} {\textbar} {COVID}-19 {Projections}},
	howpublished = "\url{https://covid19.healthdata.org/projections}",
	note = {Accessed: 2020-04-01},
	year = {2020},
	author = {IHME}
}


@article{backer2020incubation,
  title={Incubation period of 2019 novel coronavirus (2019-nCoV) infections among travellers from Wuhan, China, 20--28 January 2020},
  author={Backer, Jantien A and Klinkenberg, Don and Wallinga, Jacco},
  journal={Eurosurveillance},
  volume={25},
  number={5},
  year={2020},
  publisher={European Centre for Disease Prevention and Control}
}

@article{novel2020epidemiological,
  title={The epidemiological characteristics of an outbreak of 2019 novel coronavirus diseases (COVID-19) in China},
  author={Novel, Coronavirus Pneumonia Emergency Response Epidemiology and others},
  journal={Zhonghua liu xing bing xue za zhi= Zhonghua liuxingbingxue zazhi},
  volume={41},
  number={2},
  pages={145},
  year={2020}
}

@article{funk2018socialmixr,
  title={Socialmixr: Social Mixing Matrices for Infectious Disease Modelling},
  author={Funk, Sebastian},
  year={2018},
  publisher={The Comprehensive R Archive Network}
}

@article{lauer2020incubation,
  title={The incubation period of coronavirus disease 2019 {(COVID-19)} from publicly reported confirmed cases: estimation and application},
  author={Lauer, Stephen A and Grantz, Kyra H and Bi, Qifang and Jones, Forrest K and Zheng, Qulu and Meredith, Hannah R and Azman, Andrew S and Reich, Nicholas G and Lessler, Justin},
  journal={Annals of Internal Medicine},
  year={2020}
}

@article{li2020early,
  title={Early transmission dynamics in {Wuhan}, {China}, of novel coronavirus--infected pneumonia},
  author = {Li, Qun and Guan, Xuhua and Wu, Peng and Wang, Xiaoye and Zhou, Lei and Tong, Yeqing and Ren, Ruiqi and Leung, Kathy S.M. and Lau, Eric H.Y. and Wong, Jessica Y. and Xing, Xuesen and Xiang, Nijuan and Wu, Yang and Li, Chao and Chen, Qi and Li, Dan and Liu, Tian and Zhao, Jing and Liu, Man and Tu, Wenxiao and Chen, Chuding and Jin, Lianmei and Yang, Rui and Wang, Qi and Zhou, Suhua and Wang, Rui and Liu, Hui and Luo, Yinbo and Liu, Yuan and Shao, Ge and Li, Huan and Tao, Zhongfa and Yang, Yang and Deng, Zhiqiang and Liu, Boxi and Ma, Zhitao and Zhang, Yanping and Shi, Guoqing and Lam, Tommy T.Y. and Wu, Joseph T. and Gao, George F. and Cowling, Benjamin J. and Yang, Bo and Leung, Gabriel M. and Feng, Zijian},
  journal={New England Journal of Medicine},
  volume = {382},
  number = {13},
  pages = {1199-1207},
  year={2020},
  publisher={Mass Medical Soc}
}

@article{li2020substantial,
  title={Substantial undocumented infection facilitates the rapid dissemination of novel coronavirus ({SARS-CoV2})},
  author={Li, Ruiyun and Pei, Sen and Chen, Bin and Song, Yimeng and Zhang, Tao and Yang, Wan and Shaman, Jeffrey},
  journal={Science},
  year={2020},
  publisher={American Association for the Advancement of Science}
}

@article{linton2020incubation,
  title={Incubation period and other epidemiological characteristics of 2019 novel coronavirus infections with right truncation: a statistical analysis of publicly available case data},
  author={Linton, Natalie M and Kobayashi, Tetsuro and Yang, Yichi and Hayashi, Katsuma and Akhmetzhanov, Andrei R and Jung, Sung-mok and Yuan, Baoyin and Kinoshita, Ryo and Nishiura, Hiroshi},
  journal={Journal of Clinical Medicine},
  volume={9},
  number={2},
  pages={538},
  year={2020},
  publisher={Multidisciplinary Digital Publishing Institute}
}

@misc{liu2020contribution,
  title={The Contribution of Pre-symptomatic Transmission to the {COVID-19} Outbreak},
  author={Liu, Yang and Funk, Sebastian and Flasche, Stefan},
  year={2020},
  publisher={London School of Hygiene and Tropical Medicine}
}

@article{reich2020preliminary,
  title={Preliminary Report on Aggregated Expert Predictions on {COVID-19}, 2020-03-04},
  author={Reich, Nicholas G and McAndrew, Thomas},
  year={2020}
}

@article{mizumoto2020estimating,
  title={Estimating the asymptomatic proportion of coronavirus disease 2019 {(COVID-19)} cases on board the {Diamond Princess cruise ship, Yokohama, Japan, 2020}},
  author={Mizumoto, Kenji and Kagaya, Katsushi and Zarebski, Alexander and Chowell, Gerardo},
  journal={Eurosurveillance},
  volume={25},
  number={10},
  pages={2000180},
  year={2020},
  publisher={European Centre for Disease Prevention and Control}
}

@article{mossong2008social,
  title={Social contacts and mixing patterns relevant to the spread of infectious diseases},
  author={Mossong, Jo{\"e}l and Hens, Niel and Jit, Mark and Beutels, Philippe and Auranen, Kari and Mikolajczyk, Rafael and Massari, Marco and Salmaso, Stefania and Tomba, Gianpaolo Scalia and Wallinga, Jacco and Janneke Heijne and Malgorzata Sadkowska-Todys and Magdalena Rosinska and W. John Edmunds},
  journal={PLoS Medicine},
  volume={5},
  number={3},
  year={2008},
  publisher={Public Library of Science}
}

@article{mossong2017polymod,
  title={POLYMOD social contact data},
  author={Mossong, Jo{\"e}l and Hens, Niel and Jit, Mark and Beutels, Philippe and Auranen, Kari and Mikolajczyk, Rafael and Massari, Marco and Salmaso, Stefania and Tomba, Gianpaolo Scalia and Wallinga, Jacco and J Heijne and M Sadkowska-Todys and M Rosinska and WJ Edmunds, WJ},
  year={2017},
  publisher={Zenodo}
}

@article{nishiura2020estimation,
  title={Estimation of the asymptomatic ratio of novel coronavirus infections ({COVID-19})},
  author={Nishiura, Hiroshi and Kobayashi, Tetsuro and Miyama, Takeshi and Suzuki, Ayako and Jung, Sung-Mok and Hayashi, Katsuma and Kinoshita, Ryo and Yang, Yichi and Yuan, Baoyin and Akhmetzhanov, Andrei R and Linton, Natalie M},
  journal={International Journal of Infectious Diseases},
  volume={94},
  pages={154 - 155},
  year={2020}
}

@article{peak2020modeling,
  title={Modeling the Comparative Impact of Individual Quarantine vs. Active Monitoring of Contacts for the Mitigation of {COVID-19}},
  author={Peak, Corey and Kahn, Rebecca and Grad, Yonatan and Childs, Lauren and Li, Ruoran and Lipsitch, Marc and Buckee, Caroline},
  year={2020}
}

@article{prem2017projecting,
  title={Projecting social contact matrices in 152 countries using contact surveys and demographic data},
  author={Prem, Kiesha and Cook, Alex R and Jit, Mark},
  journal={PLoS Computational Biology},
  volume={13},
  number={9},
  pages={e1005697},
  year={2017},
  publisher={Public Library of Science}
}



@article{riou2020pattern,
  title={Pattern of early human-to-human transmission of {Wuhan} 2019 novel coronavirus {(2019-nCoV), December 2019 to January 2020}},
  author={Riou, Julien and Althaus, Christian L},
  journal={Eurosurveillance},
  volume={25},
  number={4},
  year={2020},
  publisher={European Centre for Disease Prevention and Control}
}

@article{riou2020adjusted,
  title={Adjusted age-specific case fatality ratio during the {COVID}-19 epidemic in {Hubei}, {China}, {January and February} 2020},
  author={Riou, Julien and Hauser, Anthony and Counotte, Michel J and Althaus, Christian L},
  journal={medRxiv},
  year={2020},
  publisher={Cold Spring Harbor Laboratory Press}
}

@article{russell2020estimating,
  title={Estimating the infection and case fatality ratio for coronavirus disease {(COVID-19)} using age-adjusted data from the outbreak on the {Diamond Princess cruise ship, February 2020}},
  author={Russell, Timothy W and Hellewell, Joel and Jarvis, Christopher I and Van Zandvoort, Kevin and Abbott, Sam and Ratnayake, Ruwan and Flasche, Stefan and Eggo, Rosalind M and Edmunds, W John and Kucharski, Adam J},
  journal={Euro surveillance},
  volume={25},
  number={12},
  pages={2000256},
  year={2020},
  publisher={European Centre for Disease Prevention and Control}
}

@misc{bureauannual,
  title={Annual estimates of the resident population by single year of age and sex for the United States: April 1, 2010 to July 1, 2017},
  author={Bureau, USC}
}

@article{xu2020clinical,
  title={Clinical findings in a group of patients infected with the 2019 novel coronavirus (SARS-Cov-2) outside of Wuhan, China: retrospective case series},
  author={Xu, Xiao-Wei and Wu, Xiao-Xin and Jiang, Xian-Gao and Xu, Kai-Jin and Ying, Ling-Jun and Ma, Chun-Lian and Li, Shi-Bo and Wang, Hua-Ying and Zhang, Sheng and Gao, Hai-Nv and others},
  journal={Bmj},
  volume={368},
  year={2020},
  publisher={British Medical Journal Publishing Group}
}

@article{zhao2020mathematical,
  title={A mathematical model for estimating the age-specific transmissibility of a novel coronavirus},
  author={Zhao, Zeyu and Zhu, Yuan-Zhao and Xu, Jing-Wen and Hu, Qing-Qing and Lei, Zhao and Rui, Jia and Liu, Xingchun and Wang, Yao and Luo, Li and Yu, Shan-Shan and others},
  journal={medRxiv},
  year={2020},
  publisher={Cold Spring Harbor Laboratory Press}
}

@techreport{aleta2020modeling,
  title={Modeling the impact of social distancing, testing, contact tracing and household quarantine on second-wave scen-arios of the COVID-19 epidemic},
  author={Aleta, Alberto and Martin-Corral, D and y Piontti, Ana Pastore and Ajelli, Marco and Litvinova, Maria and Dean, NE and Halloran, ME and Longini, IM and Merler, S and Pentland, A and others},
  year={2020},
  institution={Tech. rep}
}

@article{childs2020impact,
  title={The impact of long-term non-pharmaceutical interventions on {COVID-19} epidemic dynamics and control},
  author={Childs, Marissa L and Kain, Morgan P and Kirk, Devin and Harris, Mallory and Couper, Lisa and Nova, Nicole and Delwel, Isabel and Ritchie, Jacob and Mordecai, Erin A},
  journal={medRxiv},
  year={2020},
  publisher={Cold Spring Harbor Laboratory Press}
}

@article{salje2020estimating,
  title={Estimating the burden of {SARS-CoV-2} in {France}},
  author = {Salje, Henrik and Tran Kiem, Cecile and Lefrancq, Noemie and Courtejoie, Noemie and Bosetti, Paolo and Paireau, Juliette and Andronico, Alessio and Hoze, Nathanael and Richet, Jehanne and Dubost, Claire-Lise and Le Strat, Yann and Lessler, Justin and Levy Bruhl, Daniel and Fontanet, Arnaud and Opatowski, Lulla and Boelle, Pierre-Yves and Cauchemez, Simon},
  journal={medRxiv},
  year={2020},
  publisher={Cold Spring Harbor Laboratory Press}
}

@article{kissler2020projecting,
  title={Projecting the transmission dynamics of {SARS-CoV-2} through the postpandemic period},
  author={Kissler, Stephen M and Tedijanto, Christine and Goldstein, Edward and Grad, Yonatan H and Lipsitch, Marc},
  journal={Science},
  year={2020},
  publisher={American Association for the Advancement of Science}
}

@article{salomon2020defining,
  title={Defining high-value information for COVID-19 decision-making},
  author = {{COVID-19 Statistics, Policy modeling, and Epidemiology Collective} and Salomon, Joshua A},
  journal={medRxiv},
  year={2020},
  publisher={Cold Spring Harbor Laboratory Press}
}

@misc{cdc2020covid19forecasts,
	title = {{COVID}-19 {Forecasts}},
	howpublished = "\url{https://www.cdc.gov/coronavirus/2019-ncov/covid-data/forecasting-us.html}",
	note = {Accessed: 2020-05-17},
	author = {{Centers for Disease Control and Prevention}},
	year = {2020}
}

@misc{cdc2020isolation,
	title = {Discontinuation of Isolation for Persons with {COVID-19} Not in Healthcare Settings. Interim Guidance},
	howpublished = "\url{https://www.cdc.gov/coronavirus/2019-ncov/hcp/disposition-in-home-patients.html}",
	note = {Accessed: 2020-05-19},
	author = {{Centers for Disease Control and Prevention}},
	year = {2020}
}


@article{brett2020covid,
  title={COVID-19 herd immunity strategies: walking an elusive and dangerous tightrope},
  author={Brett, Tobias and Rohani, Pejman},
  journal={medRxiv},
  year={2020},
  publisher={Cold Spring Harbor Laboratory Press}
}

@article{furukawa2020evidence,
  title={Evidence Supporting Transmission of Severe Acute Respiratory Syndrome Coronavirus 2 While Presymptomatic or Asymptomatic.},
  author={Furukawa, Nathan W and Brooks,  John T and Sobel, Jeremy},
  journal={Emerging Infectious Diseases},
  volume={26},
  number={7},
  year={2020}
}

@article{emery2020contribution,
  title={The contribution of asymptomatic SARS-CoV-2 infections to transmission-a model-based analysis of the Diamond Princess outbreak},
  author={Emery, Jon C and Russel, Timothy W and Liu, Yang and Hellewell, Joel and Pearson, Carl AB and Knight, Gwen M and Eggo, Rosalind M and Kucharski, Adam J and Funk, Sebastian and Flasche, Stefan and others},
  journal={medRxiv},
  year={2020},
  publisher={Cold Spring Harbor Laboratory Press}
}

@article{he2020estimation,
  title={Estimation of the basic reproduction number, average incubation time, asymptomatic infection rate, and case fatality rate for {COVID-19}: Meta-analysis and sensitivity analysis},
  author={He, Wenqing and Grace, Y Yi and Zhu, Yayuan},
  journal={medRxiv},
  year={2020},
  publisher={Cold Spring Harbor Laboratory Press}
}

@article{kimball2020asymptomatic,
  title={Asymptomatic and presymptomatic {SARS-CoV-2} infections in residents of a long-term care skilled nursing facility -- {King County, Washington, March 2020}},
  author={Kimball, Anne},
  journal={MMWR. Morbidity and mortality weekly report},
  volume={69},
  year={2020}
}


@article{verity2020estimates,
  title={Estimates of the severity of coronavirus disease 2019: a model-based analysis},
  author={Verity, Robert and Okell, Lucy C and Dorigatti, Ilaria and Winskill, Peter and Whittaker, Charles and Imai, Natsuko and Cuomo-Dannenburg, Gina and Thompson, Hayley and Walker, Patrick GT and Fu, Han and 
  Dighe,  Amy and Griffin, Jamie T and Baguelin, Marc and Bhatia, Sangeeta and Boonyasiri, Adhiratha andd Cori, Anne and Cucunub{\'a}, Zulma and FitzJohn, Rich and Gaythorpe, Katy and Green, Will and Hamlet, Arran and Hinsley, Wes and Laydon, Daniel and Nedjati-Gilani, Gemma and Riley, Steven and Elsland, Sabine van and Volz, Erik and Wang, Haowei and Wang, Yuanrong and Xi, Xiaoyue and Donnelly, Christl A and Ghani, Azra C and Ferguson, Neil M},
  journal={The Lancet Infectious Diseases},
  year={2020},
  publisher={Elsevier}
}

@article{bi2020epidemiology,
  title={Epidemiology and transmission of {COVID-19} in 391 cases and 1286 of their close contacts in {Shenzhen, China}: a retrospective cohort study},
  author={Bi, Qifang and Wu, Yongsheng and Mei, Shujiang and Ye, Chenfei and Zou, Xuan and Zhang, Zhen and Liu, Xiaojian and Wei, Lan and Truelove, Shaun A and Zhang, Tong and Gao, Wei and Cheng, Cong and Tang, Xiujuan and Wu, Xiaoliang and Wu, Yu and Sun, Binbin and Huang, Suli and Sun, Yu and Zhang, Juncen and Ma, Ting and Lessler, Justin and Feng, Tiejian},
  journal={The Lancet Infectious Diseases},
  year={2020},
  publisher={Elsevier}
}

@article{wei2020presymptomatic,
  title={Presymptomatic Transmission of {SARS-CoV-2—Singapore, January 23--March 16, 2020}},
  author={Wei, Wycliffe E and Li, Zongbin and Chiew, Calvin J and Yong, Sarah E and Toh, Matthias P and Lee, Vernon J},
  journal={Morbidity and Mortality Weekly Report},
  volume={69},
  number={14},
  pages={411},
  year={2020},
  publisher={Centers for Disease Control and Prevention}
}

@article{wolfel2020virological,
  title={Virological assessment of hospitalized patients with {COVID-2019}},
  Author = {W{\"o}lfel, Roman and Corman, Victor M. and Guggemos, Wolfgang and Seilmaier, Michael and Zange, Sabine and M{\"u}ller, Marcel A. and Niemeyer, Daniela and Jones, Terry C. and Vollmar, Patrick and Rothe, Camilla and Hoelscher, Michael and Bleicker, Tobias and Br{\"u}nink, Sebastian and Schneider, Julia and Ehmann, Rosina and Zwirglmaier, Katrin and Drosten, Christian and Wendtner, Clemens},
  journal={Nature},
  pages={1--5},
  year={2020},
  publisher={Nature Publishing Group}
}

@article{lewnard2020incidence,
  title={Incidence, clinical outcomes, and transmission dynamics of hospitalized 2019 coronavirus disease among 9,596,321 individuals residing in {California} and {Washington}, {United States}: a prospective cohort study},
  author = {Lewnard, Joseph A and Liu, Vincent X and Jackson, Michael L and Schmidt, Mark A and Jewell, Britta L and Flores, Jean P and Jentz, Chris and Northrup, Graham R and Mahmud, Ayesha and Reingold, Arthur L and Petersen, Maya and Jewell, Nicholas P and Young, Scott and Bellows, Jim},
  journal={medRxiv},
  year={2020},
  publisher={Cold Spring Harbor Laboratory Press}
}

@article{paranjpe2020clinical,
  title={Clinical Characteristics of Hospitalized {COVID-19} Patients in {New York City}},
  author={Paranjpe, Ishan and Russak, Adam and De Freitas, Jessica K and Lala, Anuradha and Miotto, Riccardo and Vaid, Akhil and Johnson, Kipp W and Danieletto, Matteo and Golden, Eddye and Meyer, Dara and others},
  journal={medRxiv},
  year={2020},
  publisher={Cold Spring Harbor Laboratory Press}
}

@article{petrilli2020factors,
  title={Factors associated with hospitalization and critical illness among 4,103 patients with {COVID-19} disease in {New York City}},
  author={Petrilli, Christopher M and Jones, Simon A and Yang, Jie and Rajagopalan, Harish and O'Donnell, Luke F and Chernyak, Yelena and Tobin, Katie and Cerfolio, Robert J and Francois, Fritz and Horwitz, Leora I},
  journal={medRxiv},
  year={2020},
  publisher={Cold Spring Harbor Laboratory Press}
}

@misc{ferguson2020impact,
  title={{Impact of non-pharmaceutical interventions (NPIs) to reduce COVID-19 mortality and healthcare demand (Imperial College COVID-19 Response Team, 2020)}},
  author={Ferguson, Neil M and Laydon, Daniel and Nedjati-Gilani, Gemma and Imai, Natsuko and Ainslie, Kylie and Baguelin, Marc and Bhatia, Sangeeta and Boonyasiri, Adhiratha and Cucunub{\'a}, Zulma and Cuomo-Dannenburg, Gina and
  Dighe, Amy and Dorigatti, Ilaria and Fu, Han and Gaythorpe, Katy and Green, Will and Hamlet, Arran and Hinsley, Wes and Okell, Lucy C and Elsland, Sabine van and Thompson, Hayley and Verity, Robert and Volz, Erik and Wang, Haowei and Wang, Yuanrong and Walker, Patrick GT and Walters, Caroline and Winskill, Peter and Whittaker, Charles and Donnelly, Christl A and Riley, Steven and Ghani, Azra C},
  year={2020}
}


@article{ludvigsson2020systematic,
  title={Systematic review of {COVID-19} in children shows milder cases and a better prognosis than adults},
  author={Ludvigsson, Jonas F},
  journal={Acta Paediatrica},
  volume={109},
  number={6},
  pages={1088--1095},
  year={2020},
  publisher={Wiley Online Library}
}

@article{lee2020children,
  title={Are children less susceptible to {COVID-19?}},
  author={Lee, Ping-Ing and Hu, Ya-Li and Chen, Po-Yen and Huang, Yhu-Chering and Hsueh, Po-Ren},
  journal={Journal of Microbiology, Immunology, and Infection},
  year={2020},
  publisher={Elsevier}
}

@article{viner2020school,
  title={School closure and management practices during coronavirus outbreaks including {COVID-19}: a rapid systematic review},
  author={Viner, Russell M and Russell, Simon J and Croker, Helen and Packer, Jessica and Ward, Joseph and Stansfield, Claire and Mytton, Oliver and Bonell, Chris and Booy, Robert},
  journal={The Lancet Child \& Adolescent Health},
  year={2020},
  publisher={Elsevier}
}

@article{garg2020hospitalization,
  title={Hospitalization rates and characteristics of patients hospitalized with laboratory-confirmed coronavirus disease 2019—COVID-NET, 14 States, March 1--30, 2020},
  author={Garg, Shikha},
  journal={MMWR. Morbidity and Mortality Weekly Report},
  volume={69},
  year={2020}
}

@article{rees2020covid,
  title={{COVID-19} length of hospital stay: a systematic review and data synthesis},
  author = {Rees, Eleanor M and Nightingale, Emily S and Jafari, Yalda and Waterlow, Naomi and Clifford, Samuel and Pearson, Carl A B and {CMMID Working Group} and Jombert, Thibaut and Procter, Simon R and Knight, Gwenan M},
  journal={medRxiv},
  year={2020},
  publisher={Cold Spring Harbor Laboratory Press}
}
